@article{Ernst2002,
  author  = {Ernst, Marc O. and Banks, Martin S.},
  title   = {Humans integrate visual and haptic information in a statistically optimal fashion},
  journal = {Nature},
  volume  = {415},
  pages   = {429-433},
  year    = {2002},
  doi     = {10.1038/415429a}
}

@article{Etienne-Cummings1996,
  author  = {Etienne-Cummings, R. and Van der Spiegel, J.},
  title   = {Neuromorphic vision sensors},
  journal = {Sensors and Actuators A: Physical},
  volume  = {56},
  number  = {1-2},
  pages   = {19-29},
  year    = {1996},
  doi     = {10.1016/0924-4247(96)01277-0}
}

@article{xie2022review,
  title     = {A review of deep learning methods for compressed sensing image reconstruction and its medical applications},
  author    = {Xie, Yutong and Li, Quanzheng},
  journal   = {Electronics},
  volume    = {11},
  number    = {4},
  pages     = {586},
  year      = {2022},
  publisher = {MDPI}
}

@article{levis2024orbital,
  title     = {Orbital polarimetric tomography of a flare near the Sagittarius A* supermassive black hole},
  author    = {Levis, Aviad and Chael, Andrew A and Bouman, Katherine L and Wielgus, Maciek and Srinivasan, Pratul P},
  journal   = {Nature Astronomy},
  volume    = {8},
  number    = {6},
  pages     = {765--773},
  year      = {2024},
  publisher = {Nature Publishing Group UK London}
}

@inproceedings{7923720,
  author    = {Dong, Siwei and Huang, Tiejun and Tian, Yonghong},
  booktitle = {2017 Data Compression Conference (DCC)},
  title     = {Spike Camera and Its Coding Methods},
  year      = {2017},
  volume    = {},
  number    = {},
  pages     = {437-437},
  keywords  = {Cameras;Encoding;Visualization;Image reconstruction;Decoding;Real-time systems;Contracts;Spike Camera;Texture Reconstruction;High Speed imaging},
  doi       = {10.1109/DCC.2017.69}
}

@article{dong2018spike,
  title     = {Spike coding for dynamic vision sensor in intelligent driving},
  author    = {Dong, Siwei and Bi, Zhichao and Tian, Yonghong and Huang, Tiejun},
  journal   = {IEEE Internet of Things Journal},
  volume    = {6},
  number    = {1},
  pages     = {60--71},
  year      = {2018},
  publisher = {IEEE}
}

% 错误原因是作者姓名格式不符合 BibTeX 规范，BibTeX 要求作者姓名采用 "姓, 名" 的格式，并且条目的键名不能包含空格。
% 以下是修正后的代码：
@article{Huang_Tiejun110,
  author    = {Huang, Tiejun and Zheng, Yajing and Yu, Zhaofei and Chen, Rui and Li, Yuan and Xiong, Ruiqin and Ma, Lei and Zhao, Junwei and Dong, Siwei and Zhu, Lin and Li, Jianing and Jia, Shanshan and Fu, Yihua and Shi, Boxin and Wu, Si and Tian, Yonghong},
  title     = {1000× Faster Camera and Machine Vision with Ordinary Devices},
  publisher = {Engineering},
  year      = {2023},
  journal   = {Engineering},
  volume    = {25},
  number    = {6},
  eid       = {110},
  numpages  = {9},
  pages     = {110},
  keywords  = {Vidar camera;Spiking neural networks;Super vision system;Full-time imaging},
  url       = {https://www.engineering.org.cn/engi/EN/abstract/article_38604.shtml},
  doi       = {10.1016/j.eng.2022.01.012}
}   

@inproceedings{SpikingSIM,
  author    = {Zhao, Junwei and Zhang, Shiliang and Ma, Lei and Yu, Zhaofei and Huang, Tiejun},
  booktitle = {2022 IEEE International Symposium on Circuits and Systems (ISCAS)},
  title     = {SpikingSIM: A Bio-Inspired Spiking Simulator},
  year      = {2022},
  volume    = {},
  number    = {},
  pages     = {3003-3007},
  keywords  = {Deep learning;Codes;Neuromorphics;Circuits and systems;Annotations;Source coding;Neural networks;Bio-inspired Camera;Simulation;Neuromorphic Computing;Classification},
  doi       = {10.1109/ISCAS48785.2022.9937811}
}

@article{Decoding_by_linear_programming,
  author   = {Candes, E.J. and Tao, T.},
  journal  = {IEEE Transactions on Information Theory},
  title    = {Decoding by linear programming},
  year     = {2005},
  volume   = {51},
  number   = {12},
  pages    = {4203-4215},
  keywords = {Decoding;Linear programming;Vectors;Linear code;Sparse matrices;Mathematics;Error correction;Equations;Error correction codes;Information theory;Basis pursuit;decoding of (random) linear codes;duality in optimization;Gaussian random matrices;linear codes;linear programming;principal angles;restricted orthonormality;singular values of random matrices;sparse solutions to underdetermined systems},
  doi      = {10.1109/TIT.2005.858979}
}


@article{Emmanuel2006Stable,
  title   = {Stable signal recovery from incomplete and inaccurate measurements},
  author  = {Emmanuel J. Candès and  Romberg, Justin K.  and  Tao, Terence },
  journal = {Communications on Pure and Applied Mathematics},
  volume  = {59},
  number  = {8},
  year    = {2006}
}

@article{2008A,
  title   = {A Simple Proof of the Restricted Isometry Property for Random Matrices},
  author  = { Baraniuk, Richard  and  Davenport, Mark  and  Devore, Ronald  and  Wakin, Michael },
  journal = {Constructive Approximation},
  volume  = {28},
  number  = {3},
  pages   = {253-263},
  year    = {2008}
}
@article{David_compress,
  author  = {Donoho, D.},
  year    = {2006},
  month   = {05},
  pages   = {1289 - 1306},
  title   = {Compressed Sensing},
  volume  = {52},
  journal = {Information Theory, IEEE Transactions on},
  doi     = {10.1109/TIT.2006.871582}
}

@article{An_Introduction_To_Compressive_Sampling,
  author   = {Candes, Emmanuel J. and Wakin, Michael B.},
  journal  = {IEEE Signal Processing Magazine},
  title    = {An Introduction To Compressive Sampling},
  year     = {2008},
  volume   = {25},
  number   = {2},
  pages    = {21-30},
  keywords = {Sampling methods;Image sampling;Protocols;Signal sampling;Image coding;Frequency;Signal processing;Data acquisition;Biomedical imaging;Receivers},
  doi      = {10.1109/MSP.2007.914731}
}

@article{Extensions_of_compressed_sensing,
  author  = {Tsaig, Yaakov and Donoho, David},
  year    = {2006},
  month   = {03},
  pages   = {549-571},
  title   = {Extensions of compressed sensing},
  volume  = {86},
  journal = {Signal Processing},
  doi     = {10.1016/j.sigpro.2005.05.029}
}

@article{DCT,
  author   = {Ahmed, N. and Natarajan, T. and Rao, K.R.},
  journal  = {IEEE Transactions on Computers},
  title    = {Discrete Cosine Transform},
  year     = {1974},
  volume   = {C-23},
  number   = {1},
  pages    = {90-93},
  keywords = {Discrete cosine transform, discrete Fourier transform, feature selection, Haar transform, Karhunen-Loève transform, rate distortion, Walsh-Hadamard transform, Wiener vector and scalar filtering.},
  doi      = {10.1109/T-C.1974.223784}
}

@article{The_restricted_isometry_property_and_its_implications_for_compressed_sensing,
  author  = {Candès, Emmanuel},
  year    = {2008},
  month   = {05},
  pages   = {589-592},
  title   = {The restricted isometry property and its implications for compressed sensing},
  volume  = {346},
  journal = {Compte Rendus de l'Academie des Sciences},
  doi     = {10.1016/j.crma.2008.03.014}
}
@article{Compressive_sensing_[Lecture_Notes],
  author   = {Baraniuk, Richard G.},
  journal  = {IEEE Signal Processing Magazine},
  title    = {Compressive Sensing [Lecture Notes]},
  year     = {2007},
  volume   = {24},
  number   = {4},
  pages    = {118-121},
  keywords = {Vectors;Image coding;Transform coding;Image sampling;Digital cameras;Image storage;Signal processing;Data acquisition;Matrices;Bandwidth},
  doi      = {10.1109/MSP.2007.4286571}
}

@article{chen1998atomic,
  title     = {Atomic decomposition by basis pursuit},
  author    = {Chen, Scott S and Donoho, David L and Saunders, Michael A},
  journal   = {SIAM journal on scientific computing},
  volume    = {20},
  number    = {1},
  pages     = {33--61},
  year      = {1998},
  publisher = {SIAM}
}

@book{monteiro1998interior,
  title     = {Interior - point methods for linear programming: theory and analysis},
  author    = {Monteiro, Ren{\^e} WB and Adler, Ilan},
  year      = {1998},
  publisher = {Kluwer Academic Publishers}
}

@article{recknagel2011gradient,
  title     = {Gradient projection for sparse reconstruction: Application to compressed sensing and other inverse problems},
  author    = {Recknagel, Michael and Ward, Robert K},
  journal   = {IEEE Journal of Selected Topics in Signal Processing},
  volume    = {5},
  number    = {2},
  pages     = {237--251},
  year      = {2011},
  publisher = {IEEE}
}

@article{beck2009fast,
  title     = {A fast iterative shrinkage - thresholding algorithm for linear inverse problems},
  author    = {Beck, Amir and Teboulle, Marc},
  journal   = {SIAM journal on imaging sciences},
  volume    = {2},
  number    = {1},
  pages     = {183--202},
  year      = {2009},
  publisher = {SIAM}
}

@article{mallat1993matching,
  title     = {Matching pursuits with time - frequency dictionaries},
  author    = {Mallat, St{\'e}phane G and Zhang, Zhifeng},
  journal   = {IEEE Transactions on signal processing},
  volume    = {41},
  number    = {12},
  pages     = {3397--3415},
  year      = {1993},
  publisher = {IEEE}
}

@article{pati1993orthogonal,
  title        = {Orthogonal matching pursuit},
  author       = {Pati, YC and Rezaiifar, R and Krishnaprasad, PS},
  journal      = {ICASSP'93. Proceedings of the 1993 IEEE International Conference on Acoustics, Speech, and Signal Processing},
  volume       = {4},
  pages        = {I--737},
  year         = {1993},
  organization = {IEEE}
}

@article{needell2009cosamp,
  title     = {CoSaMP: Iterative signal recovery from incomplete and inaccurate samples},
  author    = {Needell, David and Vershynin, Roman},
  journal   = {Applied and computational harmonic analysis},
  volume    = {26},
  number    = {3},
  pages     = {301--321},
  year      = {2009},
  publisher = {Elsevier}
}

@article{baraniuk2008bayesian,
  title     = {Bayesian compressive sensing},
  author    = {Baraniuk, Richard G and Wakin, Michael B},
  journal   = {IEEE Signal Processing Magazine},
  volume    = {25},
  number    = {6},
  pages     = {65--77},
  year      = {2008},
  publisher = {IEEE}
}

@article{rauhut2010sparse,
  title     = {Sparse signal reconstruction from noisy measurements using a Bayesian approach},
  author    = {Rauhut, Holger and Schnass, Kilian and Vandergheynst, Pierre},
  journal   = {IEEE Journal of Selected Topics in Signal Processing},
  volume    = {4},
  number    = {2},
  pages     = {298--314},
  year      = {2010},
  publisher = {IEEE}
}

@article{Practical_compact_deep_compressed_sensing,
  author   = {Chen, Bin and Zhang, Jian},
  journal  = {IEEE Transactions on Pattern Analysis and Machine Intelligence},
  title    = {Practical Compact Deep Compressed Sensing},
  year     = {2025},
  volume   = {47},
  number   = {3},
  pages    = {1610-1626},
  keywords = {Artificial neural networks;Image reconstruction;Imaging;Matrix converters;Hardware;Filtering;Training;Signal processing algorithms;Optimization;Micromirrors;Compressed sensing;sampling matrix;single-pixel imaging;algorithm unrolling;and structural reparameterization},
  doi      = {10.1109/TPAMI.2024.3504490}
}

@inproceedings{ReconNet,
  author    = {Kulkarni, Kuldeep and Lohit, Suhas and Turaga, Pavan and Kerviche, Ronan and Ashok, Amit},
  booktitle = {2016 IEEE Conference on Computer Vision and Pattern Recognition (CVPR)},
  title     = {ReconNet: Non-Iterative Reconstruction of Images from Compressively Sensed Measurements},
  year      = {2016},
  volume    = {},
  number    = {},
  pages     = {449-458},
  keywords  = {Image reconstruction;Image coding;Computer architecture;Current measurement;Optical variables measurement;Imaging;Estimation},
  doi       = {10.1109/CVPR.2016.55}
}

@inproceedings{ISTA-Net,
  title     = {ISTA-Net: Interpretable optimization-inspired deep network for image compressive sensing},
  author    = {Zhang, Jian and Ghanem, Bernard},
  booktitle = {CVPR},
  pages     = {1828--1837},
  year      = {2018}
}

@article{DPA-Net,
  author   = {Sun, Yubao and Chen, Jiwei and Liu, Qingshan and Liu, Bo and Guo, Guodong},
  journal  = {IEEE Transactions on Image Processing},
  title    = {Dual-Path Attention Network for Compressed Sensing Image Reconstruction},
  year     = {2020},
  volume   = {29},
  number   = {},
  pages    = {9482-9495},
  keywords = {Image reconstruction;Optimization;Compressed sensing;Machine learning;Iterative methods;Periodic structures;Image coding;Compressed sensing;structure-texture decomposition;dual-path network;texture attention},
  doi      = {10.1109/TIP.2020.3023629}
}

  @inproceedings{MAC-Net,
  title        = {Learning memory augmented cascading network for compressed sensing of images},
  author       = {Chen, Jiwei and Sun, Yubao and Liu, Qingshan and Huang, Rui},
  booktitle    = {European Conference on Computer Vision},
  pages        = {513--529},
  year         = {2020},
  organization = {Springer}
}

@inproceedings{ISTA-Net++,
  author    = {You, Di and Xie, Jingfen and Zhang, Jian},
  booktitle = {2021 IEEE International Conference on Multimedia and Expo (ICME)},
  title     = {ISTA-NET++: Flexible Deep Unfolding Network for Compressive Sensing},
  year      = {2021},
  volume    = {},
  number    = {},
  pages     = {1-6},
  keywords  = {Training;Measurement;Adaptation models;Visualization;Neural networks;Robustness;Sensors;Compressive sensing;deep network;ISTA;multi-ratio solver;deblocking},
  doi       = {10.1109/ICME51207.2021.9428249}
}

  @article{CSNET,
  author   = {Shi, Wuzhen and Jiang, Feng and Liu, Shaohui and Zhao, Debin},
  journal  = {IEEE Transactions on Image Processing},
  title    = {Image Compressed Sensing Using Convolutional Neural Network},
  year     = {2020},
  volume   = {29},
  number   = {},
  pages    = {375-388},
  keywords = {Image reconstruction;Reconstruction algorithms;Matching pursuit algorithms;Deep learning;Computational complexity;Hardware;Compressed sensing;Compressed sensing;deep learning;convolutional neural network;sampling matrix;image reconstruction},
  doi      = {10.1109/TIP.2019.2928136}
}

@inproceedings{SCSNET,
  author    = {Shi, Wuzhen and Jiang, Feng and Liu, Shaohui and Zhao, Debin},
  booktitle = {2019 IEEE/CVF Conference on Computer Vision and Pattern Recognition (CVPR)},
  title     = {Scalable Convolutional Neural Network for Image Compressed Sensing},
  year      = {2019},
  volume    = {},
  number    = {},
  pages     = {12282-12291},
  keywords  = {Low-level Vision;Big Data;Large Scale Methods ; Deep Learning ; Others; Representation Learning; Vision Applications},
  doi       = {10.1109/CVPR.2019.01257}
}

@article{OPINE-NET,
  author   = {Zhang, Jian and Zhao, Chen and Gao, Wen},
  journal  = {IEEE Journal of Selected Topics in Signal Processing},
  title    = {Optimization-Inspired Compact Deep Compressive Sensing},
  year     = {2020},
  volume   = {14},
  number   = {4},
  pages    = {765-774},
  keywords = {Optimization;Adaptive systems;Image reconstruction;Dictionaries;Transforms;Training;Convolution;Image reconstruction;neural networks;optimization;compressive sensing;interpretable networks},
  doi      = {10.1109/JSTSP.2020.2977507}
}

  @article{AMP-NET,
  author   = {Zhang, Zhonghao and Liu, Yipeng and Liu, Jiani and Wen, Fei and Zhu, Ce},
  journal  = {IEEE Transactions on Image Processing},
  title    = {AMP-Net: Denoising-Based Deep Unfolding for Compressive Image Sensing},
  year     = {2021},
  volume   = {30},
  number   = {},
  pages    = {1487-1500},
  keywords = {Image reconstruction;Noise reduction;Sparse matrices;Iterative algorithms;Visualization;Optimization;Neural networks;Compressive sensing;deep unfolding;approximate message passing;image denoising;image reconstruction},
  doi      = {10.1109/TIP.2020.3044472}
}

@article{COAST,
  author   = {You, Di and Zhang, Jian and Xie, Jingfen and Chen, Bin and Ma, Siwei},
  journal  = {IEEE Transactions on Image Processing},
  title    = {COAST: COntrollable Arbitrary-Sampling NeTwork for Compressive Sensing},
  year     = {2021},
  volume   = {30},
  number   = {},
  pages    = {6066-6080},
  keywords = {Image reconstruction;Training;Compressed sensing;Task analysis;Magnetic resonance imaging;Inverse problems;Computational modeling;Image reconstruction;compressive sensing (CS);neural networks;deep unfolding network;optimization-inspired},
  doi      = {10.1109/TIP.2021.3091834}
}

@inproceedings{MADUN,
  author    = {Song, Jiechong and Chen, Bin and Zhang, Jian},
  title     = {Memory-Augmented Deep Unfolding Network for Compressive Sensing},
  year      = {2021},
  isbn      = {9781450386517},
  publisher = {Association for Computing Machinery},
  address   = {New York, NY, USA},
  url       = {https://doi.org/10.1145/3474085.3475562},
  doi       = {10.1145/3474085.3475562}
}

@inproceedings{FSOINET,
  author    = {Chen, Wenjun and Yang, Chunling and Yang, Xin},
  booktitle = {ICASSP 2022 - 2022 IEEE International Conference on Acoustics, Speech and Signal Processing (ICASSP)},
  title     = {FSOINET: Feature-Space Optimization-Inspired Network For Image Compressive Sensing},
  year      = {2022},
  volume    = {},
  number    = {},
  pages     = {2460-2464},
  keywords  = {Integrated circuits;Image coding;Conferences;Signal processing algorithms;Signal processing;Sensors;Speech processing;Image compressive sensing;deep learning;convolutional neural network;image reconstruction},
  doi       = {10.1109/ICASSP43922.2022.9746648}
}

@article{CASNET,
  author   = {Chen, Bin and Zhang, Jian},
  journal  = {IEEE Transactions on Image Processing},
  title    = {Content-Aware Scalable Deep Compressed Sensing},
  year     = {2022},
  volume   = {31},
  number   = {},
  pages    = {5412-5426},
  keywords = {Resource management;Scalability;Training;Image restoration;Image reconstruction;Task analysis;Detectors;Compressed sensing;image restoration;content-aware sampling;model scalability;deep unfolding network},
  doi      = {10.1109/TIP.2022.3195319}
}

@inproceedings{RK-CCSNet,
  author    = {Zheng, Runkai
               and Zhang, Yinqi
               and Huang, Daolang
               and Chen, Qingliang},
  editor    = {Vedaldi, Andrea
               and Bischof, Horst
               and Brox, Thomas
               and Frahm, Jan-Michael},
  title     = {Sequential Convolution and Runge-Kutta Residual Architecture for Image Compressed Sensing},
  booktitle = {Computer Vision -- ECCV 2020},
  year      = {2020},
  publisher = {Springer International Publishing},
  address   = {Cham},
  pages     = {232--248},
  isbn      = {978-3-030-58545-7}
}

@inproceedings{MR-CCSNet,
  author    = { Fan, Zi-En and Lian, Feng and Quan, Jia-Ni },
  booktitle = { 2022 IEEE/CVF Conference on Computer Vision and Pattern Recognition (CVPR) },
  title     = {{ Global Sensing and Measurements Reuse for Image Compressed Sensing }},
  year      = {2022},
  volume    = {},
  issn      = {},
  pages     = {8944-8953},
  keywords  = {GSM;Convolutional codes;Computer vision;Computational modeling;Benchmark testing;Feature extraction;Sensors},
  doi       = {10.1109/CVPR52688.2022.00875},
  url       = {https://doi.ieeecomputersociety.org/10.1109/CVPR52688.2022.00875},
  publisher = {IEEE Computer Society},
  address   = {Los Alamitos, CA, USA},
  month     = Jun
}

@book{PGD,
  author    = {Parikh, Neal and Boyd, Stephen},
  booktitle = {Proximal Algorithms},
  year      = {2014},
  volume    = {},
  number    = {},
  pages     = {},
  keywords  = {Optimization},
  doi       = {10.1561/2400000003}
}

@inproceedings{AMP,
  author    = {Donoho, David L. and Maleki, Arian and Montanari, Andrea},
  booktitle = {2010 IEEE Information Theory Workshop on Information Theory (ITW 2010, Cairo)},
  title     = {Message passing algorithms for compressed sensing: I. motivation and construction},
  year      = {2010},
  volume    = {},
  number    = {},
  pages     = {1-5},
  keywords  = {Message passing;Compressed sensing;Iterative algorithms;Pursuit algorithms;Statistics;Belief propagation;Vectors;Equations;Electric variables measurement;Noise reduction},
  doi       = {10.1109/ITWKSPS.2010.5503193}
}






